<?xml version="1.0" encoding="UTF-8"?><collection xmlns="http://www.loc.gov/MARC21/slim"><record><leader>00401nam--2200145-i-4500</leader><controlfield tag="001">000041032</controlfield><controlfield tag="002">20161230</controlfield><controlfield tag="005">20161230201042</controlfield><controlfield tag="008">060222s1000------------r-----000-0-eng-d</controlfield><datafield ind1=" " ind2=" " tag="080"><subfield code="a">536.48</subfield></datafield><datafield ind1=" " ind2=" " tag="100"><subfield code="a">Scurlock, R.G</subfield></datafield><datafield ind1=" " ind2=" " tag="245"><subfield code="a">Low temperature behaviour of solids: an introduction</subfield></datafield><datafield ind1=" " ind2=" " tag="260"><subfield code="a">London, Roudlege And Kegan Paul Ltd., 1966, Xvii + 125p</subfield></datafield><datafield ind1=" " ind2=" " tag="490"><subfield code="a">Solid-state Physics</subfield></datafield><datafield ind1=" " ind2=" " tag="852"><subfield code="a">27433</subfield></datafield></record></collection>